@book{ITGO1,
  author = {Törn, A. and Viitanen, S.},
  title = {Topographical global optimization},
  booktitle = {Recent Advances in Global Optimization},
  pages = {384--398},
  publisher = {Princeton University Press},
  year = {1992}
}


@ARTICLE{ITGO2, 
  author={Sacco, W. F and Henderson, N. and Rios Coleho, A. C.}, 
  journal={Annals of Nuclear Energy},
  title={Topographical global optimization applied to nuclear reactor core design: Some preliminary results},
  year={2014}, 
  volume={65},
  pages={166--173}
}


@ARTICLE{ITGO3, 
  author={Henderson, N. and Rêgo, S. M. and Sacco, W. F. and Rodrigues, R. A.}, 
  journal={Chemical Engineering Science},
  title={A new look at the topographical global optimization method and its application to the phase stability analysis of mixtures},
  year={2015}, 
  volume={127},
  pages={151--174}
}


@ARTICLE{ITGO4, 
  author={Jardim, L. C. S. and Knupp, D. C. and Sacco, W. F. and Silva Neto, A. J.}, 
  journal={Chemical Engineering Science},
  title={A new look at the topographical global optimization method and its application to the phase stability analysis of mixtures},
  year={2015}, 
  volume={127},
  pages={151--174}
}



@ARTICLE{Sobol, 
  author={Sobol, I.M.}, 
  journal={USSR Comput. Math. Math. Phys},
  title={The distribution of points in a cube and the approximate
  evaluation of integrals},
  year={1967}, 
  volume={7},
  pages={86--112}
}


@ARTICLE{mt19937,
    author = {Matsumoto, M. and Nishimura, T.},
    title = {Mersenne twister: A 623-dimensionally equidistributed uniform pseudo-random number generator},
    journal = {ACM Trans. Model. Comput. Simul.},
    year = {1998},
    pages = {3--30},
    volume = {8},
  number = {1},
}


@MISC{Memetic,
    author = {Pablo Moscato},
    title = {On Evolution, Search, Optimization, Genetic Algorithms and Martial Arts - Towards Memetic Algorithms},
    year = {1989}
}


@misc{OPTI,
  title = {OPTI Toolbox - A free MATLAB Toolbox for Optimization},
  author = {Currie, J.},
  year = {2014},
  howpublished = {\url{https://www.inverseproblem.co.nz/OPTI/}},
  note = {Accessed: 2017-09-14}
}

@misc{BONMIN,
  title = {Bonmin (Basic Open-source Nonlinear Mixed INteger programming)},
  year = {2015},
  author = {Biegler, L. T. and Conn, A. R. and Cornuejols, G. and Grossmann, I. E. and Lodi, A. and Sawaya, N.},
  howpublished = {\url{https://projects.coin-or.org/Bonmin}},
  note = {Accessed: 2017-09-7}
}

@misc{fmincon,
  title = {Find minimum of constrained nonlinear multivariable function - MATLAB fmincon},
  year = {2017},
  author = {MathWorks, Inc},
  howpublished = {\url{https://www.mathworks.com/help/optim/ug/fmincon.html}},
  note = {Accessed: 2017-09-28}
}

@ARTICLE{NOMAD,
    author = {Le Digabel, S.},
    title = {NOMAD: Nonlinear optimization with the MADS algorithm},
    journal = {ACM Transactions on Mathematical Software},
    year = {2011},
    pages = {44:1--44:15},
    volume = {37(4)},
}

@ARTICLE{DE1,
    author = {Sarker, R. A. and Elsayed, S. M. and Ray, T.},
    title = {Differential Evolution With Dynamic Parameters Selection for Optimization Problems},
    journal = {IEEE Transactions on Evolutionary Computation},
    year = {2014},
    pages = {689--707},
    volume = {18},
}

@ARTICLE{DE2,
    author = {Takahama, T. and Sakai, S.},
    title = {Constrained Optimization by the {$\epsilon$} Constrained Differential Evolution with Gradient-Based Mutation and Feasible Elites},
    journal = {IEEE Congress on Evolutionary Computation},
    year = {2006}
}

@ARTICLE{DE3,
    author = {Montes, E. M. and Reyes, J. V. and Coello C. A. C.},
    title = {Modified Differential Evolution for Constrained Optimization},
    journal = {IEEE Congress on Evolutionary Computation},
    year = {2006}
}


@ARTICLE{ConHandling,
    author = {Deb, K.},
    title = {An efficient constraint handling method for genetic algorithms},
    journal = {Comput. Methods Appl. Mech. Eng},
    year = {2000},
    pages = {311–338},
    volume = {186}
}



@ARTICLE{PSO1,
    author = {Liang, J. J. and Shang, Z. and Li, Z.},
    title = {Coevolutionary Comprehensive Learning Particle Swarm Optimizer},
    journal = {IEEE Congress on Evolutionary Computation},
    year = {2010},
    pages = {1505--1512}
}

@ARTICLE{GA1,
    author = {Saha, A. and Datta, R. and Deb, K.},
    title = {Hybrid Gradient Projection based Genetic Algorithms for Constrained Optimization},
    journal = {IEEE Congress on Evolutionary Computation},
    year = {2010},
    pages = {2851--2858}
}

@ARTICLE{MVMO,
    author = {Rueda, J. L. and Erlich, I.},
    title = {Solving the CEC2016 Real-Parameter Single Objective Optimization Problems through MVMO-PHM},
    journal = {IEEE Congress on Evolutionary Computation},
    year = {2016}
}


@ARTICLE{WB,
    author = {Ragsdell, K. and Phillips, D.},
    title = {Optimal Design of a Class of Welded Structures using Geometric Programming},
    journal = {J. Eng. Ind.},
    year = {1976},
    pages = {1021--1025}
}

@ARTICLE{TC,
    author = {Belegundu, A. D.},
    title = {A study of mathematical programming methods for structural optimization},
    journal = {Ph.D. Thesis, Department of Civil and Environmental Engineering},
    year = {1982}
}

@ARTICLE{TB,
    author = {Ragsdell, K. and Phillips, D.},
    title = {Optimization in pre-contract ship design},
    journal = {Proceedings of international conference on computer application in the automation of shipyard operation and ship design. Tokyo, Japan},
    year = {1973},
    pages = {327--338}
}

@ARTICLE{SR,
    author = {Golinski, J.},
    title = {An adaptive optimization system applied to machine synthesis},
    journal = {Mech. Mach. Theory},
    year = {1973},
    pages = {419--436},
    volume = {8}
}

@ARTICLE{PV,
    author = {Sandgren, E.},
    title = {Nonlinear integer and discrete programming in mechanical design optimization},
    journal = {ASME J Mech Des},
    year = {1990},
    pages = {223--229},
    volume = {112(2)}
}

@ARTICLE{MD,
    author = {Osyczka, A.},
    title = {Evolutionary algorithms for single and multicriteria design optimization: studies in fuzzyness and soft computing},
    journal = {Physica-Verlag, Heidelberg},
    year = {2002},
    pages = {218}
}
